@article{weko_70336_1,
   author	 = "岩村,誠 and 伊藤光恭 and 村岡,洋一",
   title	 = "機械語命令列の類似性に基づく自動マルウェア分類システム",
   journal	 = "情報処理学会論文誌",
   year 	 = "2010",
   volume	 = "51",
   number	 = "9",
   pages	 = "1622--1632",
   month	 = "sep"
}
@misc{パッカー（Pac83:online,
author = {},
title = {パッカー（Packer） | マルウェア情報局},
howpublished = {\url{https://eset-info.canon-its.jp/malware_info/term/detail/00084.html}},
month = {mar},
year = {2016},
note = {(Accessed on 02/25/2019)}
}
@misc{c2nesjav29:online,
author = {},
title = {c2nes/javalang: Pure Python Java parser and tools},
howpublished = {\url{https://github.com/c2nes/javalang}},
month = {},
year = {},
note = {(Accessed on 04/03/2019)}
}
@misc{327token53:online,
author = {},
title = {32.7. tokenize --- Pythonソースのためのトークナイザ — Python 3.6.8 ドキュメント},
howpublished = {\url{https://docs.python.org/ja/3.6/library/tokenize.html}},
month = {},
year = {},
note = {(Accessed on 04/04/2019)}
}
